@article{Kheirandish2018,
abstract = {Starting from a total Lagrangian describing an oscillator-bath system, an alternative derivation of exact quantum propagator is presented. Having the quantum propagator, the exact density matrix, reduced density matrix of the main oscillator and thermal equilibrium fixed point are obtained. The modified quantum propagator is obtained in the generalised case where the main oscillator is under the influence of a classical external force. By introducing auxiliary classical external fields, the generalised quantum propagator or generating functional of position correlation functions is obtained.},
author = {Kheirandish, Fardin},
doi = {10.1016/j.physleta.2018.09.030},
file = {:Users/juanestebanaristizabalzuluaga/Desktop/Universidad/Semestre{\_}X{\_}(2020-I)/Fisica{\_}Estadistica{\_}Avanzada/Parte{\_}II{\_}Johans{\_}Restrepo/Documentos-Interesantes/Exact-density-matrix-of-an-oscillator-bath-system-propagator-formalism.pdf:pdf},
issn = {03759601},
journal = {Physics Letters, Section A: General, Atomic and Solid State Physics},
keywords = {Density matrix,Generating function,Oscillator-bath,Propagator},
mendeley-groups = {5-Semestre{\_}X(2020-I)},
number = {46},
pages = {3339--3346},
publisher = {Elsevier B.V.},
title = {{Exact density matrix of an oscillator-bath system: Alternative derivation}},
url = {https://doi.org/10.1016/j.physleta.2018.09.030},
volume = {382},
year = {2018}
}
@book{RichardP.Feynmann1972,
author = {{Richard P. Feynmann}},
edition = {1st},
file = {:Users/juanestebanaristizabalzuluaga/Desktop/Universidad/2-Physics/Statistical{\_}Physics/Statistical-Mechanics-A-Set-Of-Lectures-Advanced-Books-Classics-.pdf:pdf},
isbn = {0805325085},
mendeley-groups = {5-Semestre{\_}X(2020-I)},
pages = {49--51},
title = {{Statistical Mechanics: a Set of Lectures}},
year = {1972}
}
@book{Cohen-Tannoudji:101367,
address = {New York, NY},
annote = {Trans. of : M{\'{e}}canique quantique. Paris : Hermann, 1973},
author = {Cohen-Tannoudji, Claude and Diu, Bernard and Lalo{\"{e}}, Franck},
mendeley-groups = {5-Semestre{\_}X(2020-I)/Fisica{\_}Estadistica{\_}Avanzada/Tarea{\_}1},
publisher = {Wiley},
title = {{Quantum mechanics}},
year = {1977}
}
