@PREAMBLE{
 "\providecommand{\noopsort}[1]{}" 
 # "\providecommand{\singleletter}[1]{#1}%" 
}



@book{Cohen-Tannoudji,
address = {New York, NY},
annote = {Trans. of : M{\'{e}}canique quantique. Paris : Hermann, 1973},
author = {Cohen-Tannoudji, Claude and Diu, Bernard and Lalo{\"{e}}, Franck},
mendeley-groups = {5-Semestre{\_}X(2020-I)/Fisica{\_}Estadistica{\_}Avanzada/Tarea{\_}1},
volume = {1},
publisher = {Wiley},
title = {{Quantum mechanics}},
year = {1977}
}

