Automatically generated by Mendeley Desktop 1.19.4
Any changes to this file will be lost if it is regenerated by Mendeley.

BibTeX export options can be customized via Preferences -> BibTeX in Mendeley Desktop

@book{Huang,
author = {Huang, Kerson},
file = {:Users/juanestebanaristizabalzuluaga/Desktop/Universidad/2-Physics/Statistical{\_}Physics/Huang, Kerson - Statistical Mechanics-Wiley (1987).pdf:pdf},
publisher = {John Wiley {\&} Sons},
title = {{Statistical Mechanics}},
year = {1963}
}
@book{greiner2012thermodynamics,
author = {Greiner, Walter and Neise, Ludwig and St{\"{o}}cker, Horst},
publisher = {Springer Science {\&} Business Media},
title = {{Thermodynamics and statistical mechanics}},
year = {2012}
}
@inproceedings{10.1145/2833157.2833162,
address = {New York, NY, USA},
author = {Lam, Siu Kwan and Pitrou, Antoine and Seibert, Stanley},
booktitle = {Proceedings of the Second Workshop on the LLVM Compiler Infrastructure in HPC},
doi = {10.1145/2833157.2833162},
isbn = {9781450340052},
keywords = { LLVM, Python,compiler},
publisher = {Association for Computing Machinery},
series = {LLVM '15},
title = {{Numba: A LLVM-Based Python JIT Compiler}},
url = {https://doi.org/10.1145/2833157.2833162},
year = {2015}
}
@book{mccoy2014two,
author = {McCoy, Barry M and Wu, Tai Tsun},
publisher = {Courier Corporation},
title = {{The two-dimensional Ising model}},
year = {2014}
}
@book{chaikin1995principles,
author = {Chaikin, Paul M and Lubensky, Tom C and Witten, Thomas A},
publisher = {Cambridge university press Cambridge},
title = {{Principles of condensed matter physics}},
volume = {10},
year = {1995}
}
@book{rull2006curso,
author = {Ort{\'{i}}n, Jordi and Sancho, Jos{\'{e}} Mar{\'{i}}a},
publisher = {Edicions Universitat Barcelona},
title = {{Curso de F{\'{i}}sica Estad{\'{i}}stica}},
volume = {28},
year = {2006}
}
