@book{chaikin1995principles,
  title={Principles of condensed matter physics},
  author={Chaikin, Paul M and Lubensky, Tom C and Witten, Thomas A},
  volume={10},
  year={1995},
  publisher={Cambridge university press Cambridge}
}
@book{greiner2012thermodynamics,
  title={Thermodynamics and statistical mechanics},
  author={Greiner, Walter and Neise, Ludwig and St{\"o}cker, Horst},
  year={2012},
  publisher={Springer Science \& Business Media}
}
@book{mccoy2014two,
  title={The two-dimensional Ising model},
  author={McCoy, Barry M and Wu, Tai Tsun},
  year={2014},
  publisher={Courier Corporation}
}
@book{rull2006curso,
  title={Curso de f{\'\i}sica estad{\'\i}stica},
  author={Rull, Jordi Ort{\'\i}n and Herrero, Jos{\'e} Mar{\'\i}a Sancho},
  volume={28},
  year={2006},
  publisher={Edicions Universitat Barcelona}
}