@book{Cohen-Tannoudji:101367,
      author        = "Cohen-Tannoudji, Claude and Diu, Bernard and Laloë,
                       Franck",
      title         = "{Quantum mechanics}",
      publisher     = "Wiley",
      address       = "New York, NY",
      year          = "1977",
      note          = "Trans. of : Mécanique quantique. Paris : Hermann, 1973",
}