@book{RichardP.Feynmann1972,
author = {{Richard P. Feynmann}},
edition = {1st},
file = {:Users/juanestebanaristizabalzuluaga/Desktop/Universidad/2-Physics/Statistical{\_}Physics/Statistical-Mechanics-A-Set-Of-Lectures-Advanced-Books-Classics-.pdf:pdf},
isbn = {0805325085},
mendeley-groups = {5-Semestre{\_}X(2020-I)},
pages = {49--51},
title = {{Statistical Mechanics: a Set of Lectures}},
year = {1972}
}
